<record><leader>00000cas a22000007a 4500</leader><controlfield tag="001">11715032</controlfield><controlfield tag="008">850220d18571882nyuwr ne      0    0eng d</controlfield><datafield ind1=" " ind2=" " tag="010"><subfield code="a">sn 85054414 </subfield></datafield><datafield ind1=" " ind2=" " tag="040"><subfield code="a">NYG</subfield><subfield code="b">eng</subfield><subfield code="c">NYG</subfield><subfield code="d">NPX</subfield><subfield code="d">NYS</subfield><subfield code="d">OCL</subfield><subfield code="d">NYS</subfield><subfield code="d">OCL</subfield><subfield code="d">OCLCQ</subfield></datafield><datafield ind1=" " ind2=" " tag="042"><subfield code="a">msc</subfield></datafield><datafield ind1=" " ind2=" " tag="043"><subfield code="a">n-us-ny</subfield></datafield><datafield ind1="0" ind2=" " tag="130"><subfield code="a">Waterville times (Waterville, N.Y. : 1857)</subfield></datafield><datafield ind1="1" ind2="0" tag="245"><subfield code="a">Waterville times.</subfield></datafield><datafield ind1=" " ind2=" " tag="260"><subfield code="a">Waterville, N.Y. :</subfield><subfield code="b">M'Kibbin &amp; Wilkinson,</subfield><subfield code="c">-1882.</subfield></datafield><datafield ind1=" " ind2=" " tag="300"><subfield code="a">v. ;</subfield><subfield code="c">55-60 cm.</subfield></datafield><datafield ind1=" " ind2=" " tag="310"><subfield code="a">Weekly</subfield></datafield><datafield ind1="0" ind2=" " tag="362"><subfield code="a">-v. 24, no. 49 (Dec. 7, 1882).</subfield></datafield><datafield ind1="1" ind2=" " tag="362"><subfield code="a">Began in Jan. 1857.</subfield><subfield code="z">Cf. French, J.H. Gazetteer of the state of N.Y., 1860.</subfield></datafield><datafield ind1=" " ind2=" " tag="500"><subfield code="a">Editor: James J. Guernsey, &lt;1871-1876&gt;.</subfield></datafield><datafield ind1=" " ind2=" " tag="500"><subfield code="a">Publishers: M'Kibbin &amp; Wilkinson, 1857-&lt;1859&gt;; James J. Guernsey, &lt;1871-1878&gt;; Histed &amp; Cutter, &lt;1882&gt;.</subfield></datafield><datafield ind1=" " ind2=" " tag="588"><subfield code="a">Description based on: Vol. 1, no. 2 (Feb. 7, 1857).</subfield></datafield><datafield ind1=" " ind2="0" tag="651"><subfield code="a">Waterville (N.Y.)</subfield><subfield code="v">Newspapers.</subfield></datafield><datafield ind1=" " ind2=" " tag="752"><subfield code="a">United States</subfield><subfield code="b">New York</subfield><subfield code="c">Oneida</subfield><subfield code="d">Waterville.</subfield></datafield><datafield ind1="0" ind2="0" tag="785"><subfield code="t">Waterville times and hop reporter (Waterville, N.Y. : 1882)</subfield><subfield code="w">(DLC)sn 85054415</subfield></datafield></record>